@book{pg,
 author = {Hofmann-Wellenhof, Bernhard and Moritz, Helmut},
 title = {Physical Geodesy},
 year = {2006},
 isbn = {978-3-211-33545-1},
 publisher = {Springer-Verlag},
 edition = {2nd, corr. ed.}
}

@book{esaa,
 author = {P. Kenneth Seidelmann},
 title  = {Explanatory Supplement to the Astronomical Almanac},
 year   = {1992},
 isbn   = {0-521-43108-5},
 publisher = {University Science Books}
}

@book{nrc,
 author = {Press, William H. and Teukolsky, Saul A. and Vetterling, William T. and Flannery, Brian P.},
 title = {Numerical Recipes in C (2Nd Ed.): The Art of Scientific Computing},
 year = {1992},
 isbn = {0-521-43108-5},
 publisher = {Cambridge University Press},
 address = {New York, NY, USA},
} 

@manual{rnx302,
 title = {RINEX, The Receiver Independent Exchange Format, Version 3.02},
 year = {2013},
 howpublished = {\url{ftp://igscb.jpl.nasa.gov/pub/data/format/rinex302.pdf}},
 note = {\url{ftp://igscb.jpl.nasa.gov/pub/data/format/rinex302.pdf}},
 month = {April},
 note = {Accessed: 2014-03-26},
 organization = {International GNSS Service (IGS), RINEX Working Group and Radio Technical Commission for Maritime Services Special Committee 104 (RTCM-SC104)}
}

@techreport{rnx212,
 author = {Gurtner, Werner and Estey, Lou},
 title = {RINEX, The Receiver Independent Exchange Format, Version 2.12},
 year = {2009},
 howpublished = {\url{ftp://igscb.jpl.nasa.gov/pub/data/format/rinex212.txt}},
 note = {\url{ftp://igscb.jpl.nasa.gov/pub/data/format/rinex212.txt}},
 month = {June},
 note = {Accessed: March 2014, 26-June-2012 (minor clarifications)},
 institution = {International GNSS Service (IGS), RINEX Working Group and Radio Technical Commission for Maritime Services Special Committee 104 (RTCM-SC104)}
}

@techreport{rnx211,
 author = {Gurtner, Werner and Estey, Lou},
 title = {RINEX, The Receiver Independent Exchange Format, Version 2.11},
 year = {2007},
 howpublished = {\url{ftp://igscb.jpl.nasa.gov/pub/data/format/rinex211.txt}},
 note = {\url{ftp://igscb.jpl.nasa.gov/pub/data/format/rinex211.txt}},
 month = {December},
 note = {Accessed: March 2014, 26-June-2012 (minor clarifications)},
 institution = {International GNSS Service (IGS), RINEX Working Group and Radio Technical Commission for Maritime Services Special Committee 104 (RTCM-SC104)}
}

@article {blewitt,
 author = {Blewitt, Geoffrey},
 title = {An Automatic Editing Algorithm for GPS data},
 journal = {Geophysical Research Letters},
 volume = {17},
 number = {3},
 issn = {1944-8007},
 url = {http://dx.doi.org/10.1029/GL017i003p00199},
 doi = {10.1029/GL017i003p00199},
 pages = {199-202},
 year = {1990},
}

@misc{sofa,
 author       = {IAU SOFA Board},
 title        = {IAU SOFA Software Collection},
 edition      = {Issue 2013-12-02},
 url          = {http://www.iausofa.org},
 note         = {http://www.iausofa.org}
 }

@techreport{sp3c,
 author = {Hilla, Steve},
 title = {The Extended Standard Product 3 Orbit Format (SP3-c)},
 year = {2010},
 howpublished = {\url{http://igscb.jpl.nasa.gov/igscb/data/format/sp3c.txt}},
 note = {\url{http://igscb.jpl.nasa.gov/igscb/data/format/sp3c.txt}},
 month = {August},
 institution = {National Geodetic Survey, National Ocean Service, NOAA}
}

@techreport{sp3a,
 author = {Remondi, Benjamin W.},
 title = {The National Geodetic Survey Standard GPS Format SP3},
 howpublished = {\url{http://igscb.jpl.nasa.gov/igscb/data/format/sp3_docu.txt}},
 note = {\url{http://igscb.jpl.nasa.gov/igscb/data/format/sp3_docu.txt}},
 institution = {National Geodetic Survey, National Ocean Service, NOAA}
}

@manual{novasc,
 title = {User’s Guide to NOVAS Version C3.1},
 author = {Kaplan, G. and Bartlett, J. and Monet, A. and Bangert, J. and Puatua, W.},
 year = {2011},
 month = {March},
 organization = {U.S. Naval Observatory,Washington, DC},
 note = {\url{http://aa.usno.navy.mil/software/novas/novas_c/NOVAS_C3.1_Guide.pdf}}
}

@techreport{usno179,
 author = {George H. Kaplan},
 title = {The IAU Resolutions on Astronomical Reference Systems, Time Scales, and Earth Rotation Models: Explanation and Implementation},
 year = {2005},
 howpublished = {\url{http://aa.usno.navy.mil/publications/docs/Circular_179.php}},
 note = {\url{http://aa.usno.navy.mil/publications/docs/Circular_179.php}},
 institution = {U.S. Naval Observatory,Washington, DC}
}

@techreport{iers2010,
 author = {Petit, Gerard and Luzum, Brian (eds.)},
 title = {IERS Conventions (2010)},
 year = {2010},
 series = {IERS Technical Note},
 number = {36},
 editor = {Verlag des Bundesamts f ̈ur Kartographie und Geod ̈asie},
 institution = {International Earth Rotation and Reference Systems Service (IERS)}
}

@article{fukushima,
  year={2006},
  issn={0949-7714},
  journal={Journal of Geodesy},
  volume={79},
  number={12},
  doi={10.1007/s00190-006-0023-2},
  title={Transformation from Cartesian to Geodetic Coordinates Accelerated by Halley’s Method},
  url={http://dx.doi.org/10.1007/s00190-006-0023-2},
  publisher={Springer-Verlag},
  keywords={Geodetic coordinate transformation; Halley’s method; Latitude equation},
  author={Fukushima, Toshio},
  pages={689-693},
  language={English}
}
